
@book{rebeccak.tanner2012,
	title = {Physiological Tests for ELite AThletes},
	author = {Rebecca K. Tanner,  and Christopher Gore, },
	year = {2012},
	month = {08},
	date = {2012-08-24},
	publisher = {Human Kinetics}
}

@article{halperin2015,
	title = {Threats to internal validity in exercise science: a review of overlooked confounding variables},
	author = {Halperin, Israel and Pyne, David B. and Martin, David T.},
	year = {2015},
	month = {10},
	date = {2015-10},
	journal = {International Journal of Sports Physiology and Performance},
	pages = {823--829},
	volume = {10},
	number = {7},
	doi = {10.1123/ijspp.2014-0566},
	note = {PMID: 25756869},
	langid = {eng}
}
